<?xml version="1.0" encoding="UTF-8"?><collection xmlns="http://www.loc.gov/MARC21/slim"><record><leader>00364nam--2200145-i-4500</leader><controlfield tag="001">000004713</controlfield><controlfield tag="002">20161230</controlfield><controlfield tag="005">20170127212905</controlfield><controlfield tag="008">060222s1000------------r-----000-0-eng-d</controlfield><datafield ind1=" " ind2=" " tag="100"><subfield code="a">Bignon, Pierre</subfield></datafield><datafield ind1=" " ind2=" " tag="245"><subfield code="a">Technique de la radiocommande</subfield></datafield><datafield ind1=" " ind2=" " tag="260"><subfield code="a">Paris</subfield><subfield code="b">Societe Des Editions Radio</subfield><subfield code="c">1958</subfield></datafield><datafield ind1=" " ind2=" " tag="300"><subfield code="a">190 p</subfield></datafield><datafield ind1=" " ind2=" " tag="852"><subfield code="a">14834</subfield></datafield><datafield ind1=" " ind2=" " tag="CAT"><subfield code="a">SYS</subfield><subfield code="c">20170127</subfield><subfield code="h">212905</subfield></datafield></record></collection>